@article{YamanPaper,
   Author = {Latu, Guillaume and Mehrenberger, Michel and Güçlü, Yaman and Ottaviani, Maurizio and Sonnendrücker, Eric},
   Title = {Field-Aligned Interpolation for Semi-Lagrangian Gyrokinetic Simulations},
   Journal = {Journal of Scientific Computing},
   Volume = {74},
   Issue = {3},
   Pages = {1601-1650},
   Year = {2018},
   Month = {March}
}

@article{Gysela5D,
author = {Latu, Guillaume and Crouseilles, Nicolas and Grandgirard, Virginie and Sonnendrucker, Eric},
year = {2018},
month = {July},
pages = {},
title = {Gysela 5D, a gyrokinetic semilagrangian parallel code}
}

@report{ParallelisationSemi-LagrangianVlasovCodes,
 Title = {Parallelisation of Semi-Lagrangian Vlasov Codes},
 Author = {Coulaud, Olivier and Sonnendrücker, Eric and Dillon, Eric and Bertrand, Pierre and Ghizzo, Alain},
 Year = {1998},
 Institution = {INRIA},
 Number = {RR-3430},
 Type = {research report},
 Page = {15}
}

@article{SmoothInitConds,
  Title = {Arbitrarily high order Convected Scheme solution of the Vlasov–Poisson system},
  Journal = {Journal of Computational Physics},
  Volume  = {270},
  Day = {1},
  Month = {August},
  Year = {2014},
  Pages = {711-752}

}

@article{BrizardGyro2000,
author = {Brizard,Alain J. },
title = {Variational principle for nonlinear gyrokinetic Vlasov–Maxwell equations},
journal = {Physics of Plasmas},
volume = {7},
number = {12},
pages = {4816-4822},
year = {2000},
doi = {10.1063/1.1322063},
URL = { 
        https://doi.org/10.1063/1.1322063
    
},
eprint = { 
        https://doi.org/10.1063/1.1322063    
}
}

@article{MonteCarloBottino,
   author = {Bottino, A. and Sonnendr{\"u}cker, E.},
    title = {Monte Carlo particle-in-cell methods for the simulation of the Vlasov-Maxwell gyrokinetic equations},
  journal = {Journal of Plasma Physics},
     year = 2015,
    month = {October},
   volume = 81,
   number = 5,
      eid = {435810501},
    pages = {435810501},
      doi = {10.1017/S0022377815000574},
   adsurl = {http://adsabs.harvard.edu/abs/2015JPlPh..81e4301B},
  adsnote = {Provided by the SAO/NASA Astrophysics Data System}
}

@article{sugama2000,
author = {Sugama,H. },
title = {Gyrokinetic field theory},
journal = {Physics of Plasmas},
volume = {7},
number = {2},
pages = {466-480},
year = {2000},
doi = {10.1063/1.873832},
URL = {
        https://doi.org/10.1063/1.873832
},
eprint = { 
        https://doi.org/10.1063/1.873832
}
}

@article{GyrokineticSimulations,
      title = {Gyrokinetic simulations of turbulent transport},
      author = {Garbet, X. and Idomura, Y. and Villard, L. and Watanabe,  T. H.},
      publisher = {IOP Publishing and IAEA},
      journal = {Nuclear Fusion},
      volume = {50},
      pages = {043002},
      year = {2010},
      abstract = {This overview is an assessment of the gyrokinetic  framework and simulations to compute turbulent transport in  fusion plasmas. It covers an introduction to the  gyrokinetic theory, the principal numerical techniques  which are being used to solve the gyrokinetic equations,  fundamentals in gyrokinetic turbulence and the main results  which have been brought by simulations with regard to  transport in fusion devices and fluctuation measurements.},
}

@book{SplineBook,
author={Prautzsch, Hartmut and Boehm, Wolfgang and Paluszny, Marco},
title={B{\'e}zier and B-Spline Techniques},
year={2002},
publisher={Springer Berlin Heidelberg},
address={Berlin, Heidelberg},
isbn={978-3-662-04919-8},
doi={10.1007/978-3-662-04919-8_5},
url={https://doi.org/10.1007/978-3-662-04919-8_5}
}

@article{TronkoQuasiNeutrality,
author = {Tronko,Natalia  and Bottino,Alberto  and Sonnendrücker,Eric },
title = {Second order gyrokinetic theory for particle-in-cell codes},
journal = {Physics of Plasmas},
volume = {23},
number = {8},
pages = {082505},
year = {2016},
doi = {10.1063/1.4960039},
URL = { 
        https://doi.org/10.1063/1.4960039
    
},
eprint = { 
        https://doi.org/10.1063/1.4960039
    
}
}